<record><leader>00000cas a22000007a 4500</leader><controlfield tag="001">12411592</controlfield><controlfield tag="008">850822d18601881gauir ne      0    0eng d</controlfield><datafield ind1=" " ind2=" " tag="010"><subfield code="a">sn 85034102 </subfield></datafield><datafield ind1=" " ind2=" " tag="040"><subfield code="a">NPU</subfield><subfield code="b">eng</subfield><subfield code="c">NPU</subfield><subfield code="d">NPX</subfield><subfield code="d">PPM</subfield><subfield code="d">NLG</subfield><subfield code="d">MGN</subfield><subfield code="d">NVF</subfield><subfield code="d">GUA</subfield><subfield code="d">OCLCQ</subfield><subfield code="d">OCLCF</subfield><subfield code="d">OCLCO</subfield></datafield><datafield ind1="1" ind2=" " tag="029"><subfield code="a">AU@</subfield><subfield code="b">000041073582</subfield></datafield><datafield ind1=" " ind2=" " tag="042"><subfield code="a">msc</subfield></datafield><datafield ind1=" " ind2=" " tag="043"><subfield code="a">n-us-ga</subfield></datafield><datafield ind1="0" ind2="0" tag="245"><subfield code="a">Rome tri-weekly courier.</subfield></datafield><datafield ind1="1" ind2="7" tag="246"><subfield code="a">Courier and commercial</subfield></datafield><datafield ind1="1" ind2="7" tag="246"><subfield code="a">Rome courier</subfield></datafield><datafield ind1=" " ind2=" " tag="260"><subfield code="a">Rome, Ga. :</subfield><subfield code="b">M. Dwinell</subfield></datafield><datafield ind1=" " ind2=" " tag="300"><subfield code="a">v. ;</subfield><subfield code="c">61 cm.</subfield></datafield><datafield ind1=" " ind2=" " tag="310"><subfield code="a">Triweekly</subfield></datafield><datafield ind1="1" ind2=" " tag="362"><subfield code="a">Began in 1860; ceased in Jan. 1881.</subfield></datafield><datafield ind1=" " ind2=" " tag="500"><subfield code="a">Suspended May 17, 1864-Sept. 1, 1865.</subfield></datafield><datafield ind1=" " ind2=" " tag="530"><subfield code="a">Also on microfilm: Athens, Ga. : University of Georgia Libraries.</subfield></datafield><datafield ind1=" " ind2=" " tag="580"><subfield code="a">Weekly ed.: Rome weekly courier, 1860-&lt;1878&gt;.</subfield></datafield><datafield ind1=" " ind2=" " tag="588"><subfield code="a">Description based on: Vol. 1, no. 3 (Jan. 7, 1860).</subfield></datafield><datafield ind1=" " ind2="0" tag="651"><subfield code="a">Rome (Ga.)</subfield><subfield code="v">Newspapers.</subfield></datafield><datafield ind1=" " ind2="0" tag="651"><subfield code="a">Floyd County (Ga.)</subfield><subfield code="v">Newspapers.</subfield></datafield><datafield ind1=" " ind2="7" tag="655"><subfield code="a">Newspapers.</subfield><subfield code="2">fast</subfield><subfield code="0">(OCoLC)fst01423814</subfield></datafield><datafield ind1=" " ind2="7" tag="651"><subfield code="a">Georgia</subfield><subfield code="z">Floyd County.</subfield><subfield code="2">fast</subfield><subfield code="0">(OCoLC)fst01213151</subfield></datafield><datafield ind1=" " ind2="7" tag="651"><subfield code="a">Georgia</subfield><subfield code="z">Rome.</subfield><subfield code="2">fast</subfield><subfield code="0">(OCoLC)fst01213860</subfield></datafield><datafield ind1=" " ind2=" " tag="752"><subfield code="a">United States</subfield><subfield code="b">Georgia</subfield><subfield code="c">Floyd</subfield><subfield code="d">Rome.</subfield></datafield><datafield ind1="1" ind2=" " tag="775"><subfield code="t">Rome weekly courier</subfield><subfield code="w">(DLC)sn 82014071</subfield><subfield code="w">(OCoLC)8807650</subfield></datafield><datafield ind1="0" ind2="5" tag="780"><subfield code="t">Daily commercial (Rome, Ga. : 1865)</subfield><subfield code="g">1876</subfield><subfield code="w">(DLC)sn 85034100</subfield><subfield code="w">(OCoLC)12411581</subfield></datafield><datafield ind1="0" ind2="0" tag="785"><subfield code="t">Rome daily courier</subfield><subfield code="w">(DLC)sn 90052346</subfield><subfield code="w">(OCoLC)21428277</subfield></datafield></record>